<?xml version="1.0" encoding="UTF-8"?>
<record xmlns="http://www.loc.gov/MARC21/slim"
        xmlns:oclcterms="http://purl.org/oclc/terms/"
        xmlns:dc="http://purl.org/dc/elements/1.1/"
        xmlns:diag="http://www.loc.gov/zing/srw/diagnostic/"
        xmlns:xsi="http://www.w3.org/2001/XMLSchema-instance">
   <leader>00000cmm a2200000Ia 4500</leader>
   <controlfield tag="001">34404754</controlfield>
   <controlfield tag="008">960319s1995 mdu o d f eng </controlfield>
   <datafield ind1=" " ind2=" " tag="040">
      <subfield code="a">AGL</subfield>
      <subfield code="b">eng</subfield>
      <subfield code="c">AGL</subfield>
      <subfield code="d">OCL</subfield>
      <subfield code="d">OCLCQ</subfield>
      <subfield code="d">OCLCO</subfield>
      <subfield code="d">OCLCF</subfield>
      <subfield code="d">OCL</subfield>
      <subfield code="d">OCLCQ</subfield>
      <subfield code="d">OCLCA</subfield>
   </datafield>
   <datafield ind1="0" ind2=" " tag="070">
      <subfield code="a">aSB123.57.T73</subfield>
      <subfield code="b">1995</subfield>
   </datafield>
   <datafield ind1=" " ind2="0" tag="072">
      <subfield code="a">F833</subfield>
   </datafield>
   <datafield ind1=" " ind2="0" tag="072">
      <subfield code="a">F200</subfield>
   </datafield>
   <datafield ind1="0" ind2="0" tag="245">
      <subfield code="a">Transgenic virus-resistant plants and new plant viruses :</subfield>
      <subfield code="b">proceedings of a workshop : 20-21 April 1995, Beltsville, Maryland
              /</subfield>
      <subfield code="c">sponsored by the USDA Animal and Plant Health Inspection Service and
              the American Institute of Biological Sciences.</subfield>
   </datafield>
   <datafield ind1=" " ind2=" " tag="260">
      <subfield code="a">Beltsville, Md. :</subfield>
      <subfield code="b">APHIS ;</subfield>
      <subfield code="a">[Washington, D.C.] :</subfield>
      <subfield code="b">AIBS,</subfield>
      <subfield code="c">[1995?]</subfield>
   </datafield>
   <datafield ind1=" " ind2=" " tag="538">
      <subfield code="a">Mode of access: WWW browser; can be viewed in PDF format or
              downloaded as a WordPerfect 6.0 file.</subfield>
   </datafield>
   <datafield ind1=" " ind2=" " tag="516">
      <subfield code="a">Text (electronic publication).</subfield>
   </datafield>
   <datafield ind1=" " ind2=" " tag="500">
      <subfield code="a">Caption title.</subfield>
   </datafield>
   <datafield ind1=" " ind2=" " tag="520">
      <subfield code="a">This workshop addressed risk issues associated with the possible
              generation of new plant viruses in transgenic plants expressing viral genes that
              confer virus resistance.</subfield>
   </datafield>
   <datafield ind1=" " ind2=" " tag="530">
      <subfield code="a">Also available via remote access.</subfield>
   </datafield>
   <datafield ind1=" " ind2="0" tag="650">
      <subfield code="a">Transgenic plants</subfield>
      <subfield code="x">Risk assessment</subfield>
      <subfield code="v">Congresses.</subfield>
   </datafield>
   <datafield ind1=" " ind2="0" tag="650">
      <subfield code="a">Plants</subfield>
      <subfield code="x">Disease and pest resistance</subfield>
      <subfield code="x">Genetic aspects</subfield>
      <subfield code="v">Congresses.</subfield>
   </datafield>
   <datafield ind1=" " ind2="0" tag="650">
      <subfield code="a">RNA viruses</subfield>
      <subfield code="v">Congresses.</subfield>
   </datafield>
   <datafield ind1=" " ind2="7" tag="650">
      <subfield code="a">Plants</subfield>
      <subfield code="x">Disease and pest resistance</subfield>
      <subfield code="x">Genetic aspects.</subfield>
      <subfield code="2">fast</subfield>
      <subfield code="0">(OCoLC)fst01065856</subfield>
   </datafield>
   <datafield ind1=" " ind2="7" tag="650">
      <subfield code="a">RNA viruses.</subfield>
      <subfield code="2">fast</subfield>
      <subfield code="0">(OCoLC)fst01086258</subfield>
   </datafield>
   <datafield ind1=" " ind2="7" tag="650">
      <subfield code="a">Transgenic plants</subfield>
      <subfield code="x">Risk assessment.</subfield>
      <subfield code="2">fast</subfield>
      <subfield code="0">(OCoLC)fst01154678</subfield>
   </datafield>
   <datafield ind1=" " ind2="7" tag="655">
      <subfield code="a">Conference papers and proceedings.</subfield>
      <subfield code="2">fast</subfield>
      <subfield code="0">(OCoLC)fst01423772</subfield>
   </datafield>
   <datafield ind1="1" ind2=" " tag="710">
      <subfield code="a">United States.</subfield>
      <subfield code="b">Animal and Plant Health Inspection Service.</subfield>
   </datafield>
   <datafield ind1="2" ind2=" " tag="710">
      <subfield code="a">American Institute of Biological Sciences.</subfield>
   </datafield>
   <datafield ind1="4" ind2=" " tag="856">
      <subfield code="u">http://www.aibs.org/biosciencelibrary/vol46/transgenic/virus.html</subfield>
   </datafield>
</record>
